@techreport{BW83a,
    author = "Manfred Broy and Martin Wirsing",
    title = "Generalized Heterogeneous Algebras and Partial Interpretations",
    year = 1983,
    month = Feb,
    institution = "Institut fur Informatik, TUM",
    note = "(draft version)",
    annote = "espec algebrica"
    }

@phdthesis{Mos75a,
    author = "P. D. Mosses",
    title = "Mathematical Semantics and Compiler Generation",
    year = 1975,
    school = "Oxford University",
    annote = "compilacao incremental, atributos, ambientes prog"
    }

@techreport{Sco71a,
    author = "D. S.  Scott",
    title = "Outline of a mathematical theory of computation",
    type = "Technical Monograph",
    year = 1971,
    institution = "Programming Research Group, Oxford Univ.",
    number = "T.M. PRG-2",
    annote = "compilacao, sintaxe, parsing, modular"
    }
@phdthesis{Hoo87a,
        author = "Roger Hoover",
    title = "Incremental Graph Evaluation",
    year = 1987,
    month = May,
    school = "Cornell University",
    annote = "compilacao incremental, atributos, ambientes prog"
    }







