@unpublished{KK93a,
    author = "G.E. Kaiser and S. M. Kaplan",
    title = "Parallel and Distributed Incremental Attribute Evaluation
                 Algorithms for Multi-User Software Development Environments",
    year = 1993,
    note = "Univ. of Illinois at Urbana-Champaign and Columbia Univ.",
    annote = "compilacao, atributos, incremental, concorrencia"
    }

@unpublished{KK90a,
    author = "S. M. Kaplan and G.E. Kaiser",
    title = "An Incremental Priority-based Solution to the Multiple
                 Asynchronous Edit Problem",
    year = 1990,
    month = Mar,
    note = "Univ. of Illinois at Urbana-Champaign and Columbia Univ.",
    annote = "compilacao, atributos, incremental, concorrencia"
    }


@inproceedings{KK86a,
    author = "S. M. Kaplan and G.E. Kaiser",
    title = "Incremental Attribute Evaluation in  Distributed Language-based Environments",
    booktitle = "Proc. 5th Anual ACM Symp. on the Principles of
                     Distributed Computing",
    pages = "121--130",
    year = 1986,
    annote = "compilacao, atributos, incremental, concurrencia"
    }

@inproceedings{Mentira81,
    author = "S. M. Kaplan",
    title = "Um filtro de texto para o formato bibTexPro",
    booktitle = "A cadeira de Processamento de Linguagens",
    pages = "121--130",
    year = 1986,
    annote = "trabalhos práticos, exemplos , mentiras"
    }

@inproceedings{Mentira82,
    author = "S. M. Kaplan and Fábio Botelho",
    title = "Um filtro de texto para o formato bibTexPro  ",
    booktitle = "A cadeira de Processamento de Linguagens",
    pages = "121--130",
    year = 1986,
    annote = "trabalhos práticos, exemplos , mentiras"
    }
@article{PT88a,
    author = "George Papakonstantinou and Panayotis Tsanakas",
    title = "Attribute Grammars and Data-Flow Computing",
    journal = "Information and Software Technology",
    pages = "306--313",
    year = 1988,
    month = Jun,
    volume = 30,
    number = 5,
    publisher = "Butterworths",
    annote = "compilacao, atributos, linguagens, data-flow"
    }
