
@techreport{KP87a,
    author = "Kai Koskimies and Jukka Paakki",
    title = "TOOLS: An Unifying Approach to Object-Oriented
              Language Interpretation",
    type = "Research Report",
    year = 1987,
    institution = "Univ. of Helsinki, Depart. of Computer Science",
    note = "(draft)",
    annote = "compilacao, geradores, atributos, oobjectos"
    }

@techreport{RSea83a,
    author = "K.J. Raiha and M. Saarinen and M. Sarjakoski
             and S. Sippu and E. Soisalon-Soininen and M. Tienari",
    title = "Revised Report on the Compiler Writing System HLP78",
    type = "Techn. Report",
    year = 1983,
    institution = "Univ. of Helsinki, Depart. of Computer Science",
    number = "A-1983-1",
    annote = "compilacao, atributos, geradores"
    }

